<?xml version="1.0" encoding="utf-8"?>
<record xmlns="http://www.loc.gov/MARC21/slim" xmlns:xsi="http://www.w3.org/2001/XMLSchema-instance" xsi:schemaLocation="http://www.loc.gov/MARC21/slim http://www.loc.gov/standards/marcxml/schema/MARC21slim.xsd">
	<leader>     nam a22        4500</leader>
	<controlfield tag="001">2700614</controlfield>
	<controlfield tag="003">NjP</controlfield>
	<controlfield tag="006">m        d        </controlfield>
	<controlfield tag="007">cr cn |||m|||a</controlfield>
	<controlfield tag="008">161025s1886    mr      o     000 0 ara d</controlfield>
	<datafield ind1=" " ind2=" " tag="040">
		<subfield code="a">NNU</subfield>
		<subfield code="b">eng</subfield>
		<subfield code="e">rda</subfield>
		<subfield code="c">NNU</subfield>
	</datafield>
	<datafield ind1=" " ind2="4" tag="050">
		<subfield code="a">BP135.A1</subfield>
		<subfield code="b">M3 1886</subfield>
	</datafield>
	<datafield ind1="0" ind2=" " tag="100">
		<subfield code="6">880-01</subfield>
		<subfield code="a">Māʼ al-ʻAynayn ibn Muḥammad Fāḍil ibn Māmayn,</subfield>
		<subfield code="d">1831-1910.</subfield>
	</datafield>
	<datafield ind1="1" ind2="0" tag="245">
		<subfield code="6">880-02</subfield>
		<subfield code="a">Munīl al-bashsh fīman yaẓilluhum Allāh bi-ẓill al-ʻarsh, aw, Munīl al-ʻabd mināhu fīman yaẓilluhum Allāh /</subfield>
		<subfield code="c">lil-Shaykh Abī ʻAbd Allāh Muḥammad Muṣṭafá Māʼ al-ʻAynayn ibn Muḥammad Fāḍil ibn Māmayn al-Sharīf al-Ḥasanī al-Idrīsī al-Shangīṭī.</subfield>
	</datafield>
	<datafield ind1="3" ind2="0" tag="246">
		<subfield code="6">880-03</subfield>
		<subfield code="a">Munīl al-bashsh fīman yaẓilluhum Allāh bi-ẓill al-ʻarsh</subfield>
	</datafield>
	<datafield ind1="3" ind2="0" tag="246">
		<subfield code="6">880-04</subfield>
		<subfield code="a">Munīl al-ʻabd mināhu fīman yaẓilluhum Allāh</subfield>
	</datafield>
	<datafield ind1=" " ind2=" " tag="260">
		<subfield code="a">[Morocco?] :</subfield>
		<subfield code="b">[publisher not identified],</subfield>
		<subfield code="c">1303 [1886]</subfield>
	</datafield>
	<datafield ind1=" " ind2=" " tag="300">
		<subfield code="a">online resource (35, [4] pages)</subfield>
	</datafield>
	<datafield ind1=" " ind2=" " tag="336">
		<subfield code="a">text</subfield>
		<subfield code="2">rdacontent</subfield>
	</datafield>
	<datafield ind1=" " ind2=" " tag="337">
		<subfield code="a">computer</subfield>
		<subfield code="2">rdamedia</subfield>
	</datafield>
	<datafield ind1=" " ind2=" " tag="338">
		<subfield code="a">online resource</subfield>
		<subfield code="2">rdacarrier</subfield>
	</datafield>
	<datafield ind1=" " ind2=" " tag="500">
		<subfield code="a">Part of the Arabic Collections Online (ACO) project, contributed by Princeton University Libraries.</subfield>
	</datafield>
	<datafield ind1=" " ind2=" " tag="533">
		<subfield code="a">Electronic reproduction.</subfield>
		<subfield code="b">New York, N.Y. :</subfield>
		<subfield code="c">New York University,</subfield>
		<subfield code="d">2016.</subfield>
		<subfield code="5">NNU</subfield>
	</datafield>
	<datafield ind1=" " ind2="0" tag="650">
		<subfield code="a">Worship (Islam)</subfield>
	</datafield>
	<datafield ind1="1" ind2="0" tag="600">
		<subfield code="6">880-05</subfield>
		<subfield code="a">Qasṭallānī, Aḥmad ibn Muḥammad,</subfield>
		<subfield code="d">1447 or 1448-1517 or 1518.</subfield>
		<subfield code="t">Irshād al-sārī ilá sharḥ al-Bukhārī.</subfield>
	</datafield>
	<datafield ind1=" " ind2="7" tag="655">
		<subfield code="a">Lithographs</subfield>
		<subfield code="z">Morocco</subfield>
		<subfield code="y">1886.</subfield>
		<subfield code="2">gmgpc</subfield>
	</datafield>
	<datafield ind1="2" ind2=" " tag="710">
		<subfield code="a">Princeton University.</subfield>
		<subfield code="b">Library.</subfield>
	</datafield>
	<datafield ind1="0" ind2=" " tag="730">
		<subfield code="a">Arabic Collections Online.</subfield>
	</datafield>
	<datafield ind1="0" ind2="8" tag="776">
		<subfield code="i">Print version:</subfield>
		<subfield code="a">Māʼ al-ʻAynayn ibn Muḥammad Fāḍil ibn Māmayn, 1831-1910.</subfield>
		<subfield code="t">Munīl al-bashsh fīman yaẓilluhum Allāh bi-ẓill al-ʻarsh, aw, Munīl al-ʻabd mināhu fīman yaẓilluhum Allāh</subfield>
		<subfield code="w">(NjP)2700614</subfield>
		<subfield code="w">(OCoLC)82001278</subfield>
	</datafield>
	<datafield ind1="4" ind2="0" tag="856">
		<subfield code="u">http://hdl.handle.net/2333.1/nzs7h7v0</subfield>
	</datafield>
	<datafield ind1="0" ind2=" " tag="880">
		<subfield code="6">100-01/r</subfield>
		<subfield code="a">ماء العينين بن محمد فاضل بن مامين،</subfield>
		<subfield code="d">1831-1910.</subfield>
	</datafield>
	<datafield ind1="1" ind2="0" tag="880">
		<subfield code="6">245-02/r</subfield>
		<subfield code="a">منيل البش فيمن يظلهم الله بظل العرش، او، منيل العبد مناه فيمن يظلهم الله /</subfield>
		<subfield code="c">للشيخ ابي عبد الله محمد مصطفى ماء العينين بن محمد فاضل بن مامين الشريف الحسني الادريسي الشنگيطي.</subfield>
	</datafield>
	<datafield ind1="3" ind2="0" tag="880">
		<subfield code="6">246-03/r</subfield>
		<subfield code="a">منيل البش فيمن يظلهم الله بظل العرش</subfield>
	</datafield>
	<datafield ind1="3" ind2="0" tag="880">
		<subfield code="6">246-04/r</subfield>
		<subfield code="a">منيل العبد مناه فيمن يظلهم الله</subfield>
	</datafield>
	<datafield ind1="1" ind2="4" tag="880">
		<subfield code="6">600-05/r</subfield>
		<subfield code="a">قسطلاني، احمد بن محمد،</subfield>
		<subfield code="d">1447 or 1448-1517 or 1518.</subfield>
		<subfield code="t">ارشاد الساري الى شرح البخاري.</subfield>
	</datafield>
	<datafield ind1=" " ind2=" " tag="959">
		<subfield code="a">NNU</subfield>
		<subfield code="b">WEB</subfield>
		<subfield code="c">GENI</subfield>
		<subfield code="t">0</subfield>
		<subfield code="m">Electronic access</subfield>
		<subfield code="s">01</subfield>
	</datafield>
	<datafield ind1=" " ind2=" " tag="999">
		<subfield code="i">NjP_2700614</subfield>
		<subfield code="o">(OCoLC)ocm82001278</subfield>
		<subfield code="s">princeton_aco000568</subfield>
		<subfield code="e">(ERROR-880)(ERROR-MISC)</subfield>
		<subfield code="s">princeton_aco000568</subfield>
	</datafield>
</record>
